<?xml version="1.0" encoding="UTF-8"?><collection xmlns="http://www.loc.gov/MARC21/slim"><record><leader>00511nam--2200121-i-4500</leader><controlfield tag="001">000022821</controlfield><controlfield tag="002">20161230</controlfield><controlfield tag="005">20161230201034</controlfield><controlfield tag="008">060222s1000------------r-----000-0-eng-d</controlfield><datafield ind1=" " ind2=" " tag="080"><subfield code="a">551.49</subfield></datafield><datafield ind1=" " ind2=" " tag="245"><subfield code="a">Hydrologie des roches fissures. actes du colloque de dubrovnik, oct.1965, organise par l`unesco dans le cadre de la decennie hydrologique internationale avec la collaboration de l`aihs, de la fao et de l`aih</subfield></datafield><datafield ind1=" " ind2=" " tag="260"><subfield code="a">Paris, Association Internationel D`Hydrologie Scietifique, 1967, Vii + 420 P</subfield></datafield><datafield ind1=" " ind2=" " tag="852"><subfield code="a">29173</subfield></datafield></record></collection>